
@article{Philbrick,
author = {Stephen W. Philbrick},
title = {{A Practical Guide to Single Parameter Pareto Distribution}},
journal = {Proceedings of the Casualty Actuarial Society},
year = {1985},
volume = {LXXII},
pages = {44-84},
pubstate = {Arlington, Virginia},
url = {http://www.casact.org/pubs/proceed/proceed85/85044.pdf},
urldate = {22 February 2015},
}

 